@inproceedings{theory-of-error-correcting-codes,
  title={The Theory of Error-Correcting Codes},
  author={F. Jessie MacWilliams and N. J. A. Sloane},
  year={1977},
  url={https://api.semanticscholar.org/CorpusID:118260868},
  urldate={2025-01-31},
}

@book{finite-fields-2nd-ed,
    title={Finite Fields},
    author={Rudolf Lidl and Harald Niederreiter},
    year={1997},
    url={https://www.cambridge.org/core/books/finite-fields/75BDAA74ABAE713196E718392B9E5E72},
    urldate={2025-01-31},
}

@online{low-weight-polynomials,
    author = {Gadiel Seroussi},
    title = {Table of Low-Weight Binary Irreducible Polynomials},
    year = {1998},
    url = {https://shiftleft.com/mirrors/www.hpl.hp.com/techreports/98/HPL-98-135.pdf},
    urldate = {2025-01-31},
}

@INPROCEEDINGS{novel-poly,
  author={Lin, Sian-Jheng and Chung, Wei-Ho and Han, Yunghsiang S.},
  booktitle={2014 IEEE 55th Annual Symposium on Foundations of Computer Science}, 
  title={Novel Polynomial Basis and Its Application to Reed-Solomon Erasure Codes}, 
  year={2014},
  volume={},
  number={},
  pages={316-325},
  keywords={Polynomials;Transforms;Reed-Solomon codes;Decoding;Computational complexity;Encoding;Polynomial Basis;finite field;Reed-Solomon erasure code},
  doi={10.1109/FOCS.2014.41},
  url={https://arxiv.org/pdf/1404.3458},
  urldate={2025-05-28},
}

@online{intel-clmul,
    author = {Shay Gueron and Michael E. Kounavis},
    title = {IntelÂ® Carry-Less Multiplication Instruction and its Usage for Computing the GCM Mode},
    year = {2014},
    url = {https://web.archive.org/web/20190806061845/https://software.intel.com/sites/default/files/managed/72/cc/clmul-wp-rev-2.02-2014-04-20.pdf},
    urldate = {2025-01-31},
}


